<?xml version="1.0" encoding="UTF-8"?><collection xmlns="http://www.loc.gov/MARC21/slim"><record><leader>00676nam--2200181-i-4500</leader><controlfield tag="001">000029478</controlfield><controlfield tag="002">20161230</controlfield><controlfield tag="005">20161230201037</controlfield><controlfield tag="008">060222s1000------------r-----000-0-fre-d</controlfield><datafield ind1=" " ind2=" " tag="040"><subfield code="a">IFIN-HH</subfield></datafield><datafield ind1=" " ind2=" " tag="041"><subfield code="a">fre</subfield></datafield><datafield ind1=" " ind2=" " tag="080"><subfield code="a">539.125.5.03</subfield></datafield><datafield ind1="1" ind2=" " tag="100"><subfield code="a">Lien, Pham Dinh</subfield></datafield><datafield ind1="1" ind2="0" tag="245"><subfield code="a">Contribution a l'etude d'une source de neutrons polarises de 14mev a partir de la reaction t(d, n) alfa pres de la resonance 3/2+ de 107 mev; interaction nuclean-nucleon en dehors de la couche masse: les reactions de bremsstrahlung pp et np</subfield><subfield code="b">These</subfield><subfield code="c">Pham dinh lien</subfield></datafield><datafield ind1=" " ind2=" " tag="260"><subfield code="a">Grenoble</subfield><subfield code="b">Faculte Des Sciences</subfield><subfield code="c">1969</subfield></datafield><datafield ind1=" " ind2=" " tag="300"><subfield code="a">154P</subfield></datafield><datafield ind1=" " ind2=" " tag="852"><subfield code="a">34398</subfield><subfield code="c">539.12</subfield></datafield><datafield ind1=" " ind2=" " tag="CAT"><subfield code="a">Sys</subfield><subfield code="c">20111121</subfield><subfield code="h">151754</subfield></datafield></record></collection>